@article{bardh2014benchmarks,
  title={Benchmarks for temporal logic requirements for automotive systems},
  author={Bardh Hoxha, Houssam Abbas and Fainekos, Georgios},
  journal={Proceedings of applied verification for continuous and hybrid systems},
  year={2014},
  publisher={Citeseer}
}

@incollection{fainekos2006robustness,
  title={Robustness of temporal logic specifications},
  author={Fainekos, Georgios E and Pappas, George J},
  booktitle={Formal Approaches to Software Testing and Runtime Verification},
  pages={178--192},
  year={2006},
  publisher={Springer}
}
